@misc{w3cwebdatabase,
  title={Web SQL Database},
  author={Ian Hickson, Google, Inc.},
  year={2010},
  publisher={W3C, http://www.w3.org/TR/webdatabase/}
}

@article{standard19879075,
  title={9075},
  author={Standard, ISO},
  journal={Information Processing Systems. Database Language SQL},
  year={1987}
}