@article{smith1972score,
  title={SCORE-A Musician's Approach to Computer Music},
  author={Smith, Leland},
  journal={Journal of the Audio Engineering Society},
  volume={20},
  number={1},
  pages={7--14},
  year={1972},
  publisher={Audio Engineering Society}
}
@inproceedings{good2003using,
  title={Using MusicXML for file interchange},
  author={Good, Michael and Actor, Geri},
  booktitle={Web Delivering of Music, International Conference on},
  pages={153--153},
  year={2003},
  organization={IEEE Computer Society}
}
@article{good2001musicxml,
  title={MusicXML for notation and analysis},
  author={Good, Michael},
  journal={The virtual score: representation, retrieval, restoration},
  volume={12},
  pages={113--124},
  year={2001},
  publisher={MIT Press, Cambridge, MA}
}
@article{hoos1998guido,
  title={The GUIDO Notation Format--A Novel Approach for Adequately Representing Score-Level Music},
  author={Hoos, Holger H and Hamel, Keith A and Renz, Kai and Kilian, J{\"u}rgen},
  year={1998},
  publisher={Citeseer}
}
@inproceedings{hegazy1988optimal,
  title={Optimal line breaking in music},
  author={Hegazy, W and Gourlay, J},
  booktitle={Document Manipulation and Typography: Proceedings of the International Conference on Electronic Publishing, Document Manipulation, and Typography},
  pages={157--169},
  year={1988}
}
@article{blostein1991justification,
  title={Justification of printed music},
  author={Blostein, Dorothea and Haken, Lippold},
  journal={Communications of the ACM},
  volume={34},
  number={3},
  pages={88--99},
  year={1991},
  publisher={ACM}
}
@misc{fitzpatrick1998networked,
  title={Networked electronic music display stands},
  author={Fitzpatrick, Gary and Romero, Ernest},
  year={1998},
  month=jun # "~2",
  publisher={Google Patents},
  note={US Patent 5,760,323}
}
@misc{qian2002portable,
  title={Portable digital music player with synchronized recording and display},
  author={Qian, Ziqiang and Cavaiani, Randy J and Volanski, Aimee and Johnson, Timothy M},
  year={2002},
  month=dec # "~19",
  note={US Patent 20,020,189,429}
}
@misc{egyud1998hand,
  title={Hand held electronic music encyclopedia with text and note structure search},
  author={Egyud, Jules and Winksy, Gregory J and Woolf, Michael},
  year={1998},
  month=apr # "~14",
  publisher={Google Patents},
  note={US Patent 5,739,451}
}
@inproceedings{renz1998web,
  title={A WEB-based Approach to Music Notation using GUIDO},
  author={Renz, Kai and Hoos, Holger H},
  booktitle={Proc. of},
  volume={1001},
  pages={98},
  year={1998}
}
@article{solomon2014deploiement,
  title={D{\'e}ploiement des services du moteur de rendu de partitions GUIDO sur Internet},
  author={Solomon, Mike and Fober, Dominique and Orlarey, Yann and Letz, St{\'e}phane and others},
  journal={Actes des Journ{\'e}es d'Informatique Musicale},
  pages={42--46},
  year={2014}
}
@inproceedings{agon2002programmation,
  title={Programmation visuelle et {\'e}diteurs musicaux pour la composition assist{\'e}e par ordinateur},
  author={Agon, Carlos and Assayag, G{\'e}rard},
  booktitle={Proceedings of the 14th French-speaking conference on Human-computer interaction (Conf{\'e}rence Francophone sur l'Interaction Homme-Machine)},
  pages={205--206},
  year={2002},
  organization={ACM}
}
@inproceedings{laurson2002pwgl,
  title={PWGL: a novel visual language based on Common Lisp, CLOS and OpenGL},
  author={Laurson, Mikael and Kuuskankare, Mika},
  booktitle={Proceedings of International Computer Music Conference},
  pages={142--145},
  year={2002}
}
@inproceedings{jorda2001system,
  title={A system for collaborative music composition over the web},
  author={Jord{\`a}, Sergi and Wust, O},
  booktitle={Database and Expert Systems Applications, 2001. Proceedings. 12th International Workshop on},
  pages={537--542},
  year={2001},
  organization={IEEE}
}
@inproceedings{bainbridge1999towards,
  title={Towards a digital library of popular music},
  author={Bainbridge, David and Nevill-Manning, Craig G and Witten, Ian H and Smith, Lloyd A and McNab, Rodger J},
  booktitle={Proceedings of the fourth ACM conference on Digital libraries},
  pages={161--169},
  year={1999},
  organization={ACM}
}
@inproceedings{viro2011peachnote,
  title={Peachnote: Music Score Search and Analysis Platform.},
  author={Viro, Vladimir},
  booktitle={ISMIR},
  pages={359--362},
  year={2011}
}
@phdthesis{renz2002algorithms,
  title={Algorithms and data structures for a music notation system based on GUIDO music notation},
  author={Renz, Kai},
  year={2002},
  school={TU Darmstadt}
}
@article{nienhuys2002gnu,
  title={GNU LilyPond--The Music Typesetter},
  author={Nienhuys, HW and Nieuwenhuizen, J and Reuter, J and Zedeler, R},
  journal={Free Software Foundation},
  year={2002}
}
@article{codd1970relational,
  title={A relational model of data for large shared data banks},
  author={Codd, Edgar F},
  journal={Communications of the ACM},
  volume={13},
  number={6},
  pages={377--387},
  year={1970},
  publisher={ACM}
}
@book{date2011sql,
  title={SQL and relational theory: how to write accurate SQL code},
  author={Date, C},
  year={2011},
  publisher={" O'Reilly Media, Inc."}
}
@misc{crockford2006json,
  title={JSON: Javascript object notation},
  author={Crockford, Douglas},
  year={2006},
  publisher={Technical report, json. org}
}
@inproceedings{wright1997open,
  title={Open Sound Control-A New Protocol for Communicationg with Sound Synthesizers},
  author={Wright, Matthew},
  booktitle={Proceedings of the 1997 International Computer Music Conference},
  pages={101--104},
}
@article{hickson2011websocket,
  title={The websocket api},
  author={Hickson, Ian},
  journal={W3C Working Draft WD-websockets-20110929, September},
  year={2011}
}
@inproceedings{alvaro2010musicjson,
  title={Musicjson: A representation for the computer music cloud},
  author={Alvaro, Jesus L and Barros, Beatriz},
  booktitle={Proceedings of the 7th Sound and Music Computer Conference, Barcelona},
  year={2010}
}
@article{wright2005open,
  title={Open sound control: an enabling technology for musical networking},
  author={Wright, Matthew},
  journal={Organised Sound},
  volume={10},
  number={03},
  pages={193--200},
  year={2005},
  publisher={Cambridge Univ Press}
}
@phdthesis{aarden2003dynamic,
  title={Dynamic melodic expectancy},
  author={Aarden, Bret J},
  year={2003},
  school={The Ohio State University}
}
@article{aarden2001mapping,
  title={Mapping european folksong: feographical localization of musical features},
  author={Aarden, Bret and Huron, David},
  journal={Computing in musicology: a directory of research},
  number={12},
  pages={169--183},
  year={2001},
  publisher={Center for Computer Assisted Research in the Humanities}
}
@article{stone1980music,
  title={Music Notation In The Twentieth Century: A Practical Guidebook Author: Kurt Stone, Publisher: WW Norton \& Company},
  author={Stone, Kurt},
  year={1980},
  publisher={WW norton \& Company}
}
@book{read1979music,
  title={Music notation: a manual of modern practice},
  author={Read, Gardner},
  year={1979},
  publisher={Taplinger Publishing Company}
}
@book{karkoschka1972notation,
  title={Notation in new music},
  author={Karkoschka, Erhard and Koenig, Ruth},
  year={1972},
  publisher={Universal Edition}
}
@article{guedy2013etudier,
  title={Etudier et jouer une oeuvre musicale en manipulant des objets},
  author={Gu{\'e}dy, Fabrice and Bevilacqua, Fr{\'e}d{\'e}ric and Fober, Dominique and Robert, Lo{\"\i}c},
  journal={Actes des Journ{\'e}es d’Informatique Musicale JIM2013, Paris, France},
  year={2013}
}
@onlince{smith2014animatednotation,
  author = {Smith, Ryan Ross},
  title = {animated notation},
  month = {August},
  year = {2014},
  url = {http://animatednotation.com/}
}
@inproceedings{schottstaedt1997common,
  title={Common music notation},
  author={Schottstaedt, Bill},
  booktitle={Beyond MIDI},
  pages={217--221},
  year={1997},
  organization={MIT Press}
}
@article{eisenberg1999sql,
  title={SQL: 1999, formerly known as SQL3},
  author={Eisenberg, Andrew and Melton, Jim},
  journal={ACM Sigmod record},
  volume={28},
  number={1},
  pages={131--138},
  year={1999},
  publisher={ACM}
}
@inproceedings{good2001musicxml,
  title={MusicXML: An internet-friendly format for sheet music},
  author={Good, Michael and others},
  booktitle={XML Conference and Expo},
  pages={3--4},
  year={2001},
  organization={Citeseer}
}
@inproceedings{roland2002music,
  title={The music encoding initiative (mei)},
  author={Roland, Perry},
  booktitle={Proceedings of the First International Conference on Musical Applications Using XML},
  pages={55--59},
  year={2002}
}
@inproceedings{duggan2008system,
  title={A system for automatically annotating traditional irish music field recordings},
  author={Duggan, Bryan and O'Shea, Brendan and Cunningham, Padraig},
  booktitle={Content-Based Multimedia Indexing, 2008. CBMI 2008. International Workshop on},
  pages={25--32},
  year={2008},
  organization={IEEE}
}
@inproceedings{grande1997notation,
  title={The Notation Interchange File Format: A Windows-Compliant Approach},
  author={Grande, Cindy},
  booktitle={Beyond MIDI},
  pages={491--512},
  year={1997},
  organization={MIT Press}
}
@article{taupin1993musictex,
  title={MusicTEX: Using TEX to write polyphonic or instrumental music},
  author={Taupin, Daniel},
  journal={TUGboat},
  volume={14},
  number={3},
  pages={212--220},
  year={1993}
}
@article{trevino2014automated,
  title={Automated Notation of Piano Recordings for Historic Performance Practice Study},
  author={Trevi{\~n}o, Jeffrey and Sapp, Craig},
  journal={Journal on Computing and Cultural Heritage (JOCCH)},
  volume={7},
  number={3},
  pages={17},
  year={2014},
  publisher={ACM}
}
%%%%%%%%%%%%
@MISC {Burnson10,
author={William Andrew Burnson},
title={Belle, {B}onne, {S}age: {T}he Ò{B}eautiful, {G}ood, {W}iseÓ {C}++ {V}ector-{G}raphics {L}ibrary for {M}usic {N}otation},
url={http://bellebonnesage.sourceforge.net},
year={2010}
}

@BOOK {Read64,
author = {Gardner Read},
year = {1964},
title = {Music {N}otation, {A} {M}anual of {M}odern {P}ractice},
address={Boston},
publisher = {Allyn and Bacon}
}

@BOOK {Gould11,
author = {Elaine Gould},
year = {2011},
title = {Behind {B}ars, the {D}efinitve {G}uide to {M}usic {N}otation},
address={London},
publisher = {Faber Music}
}

@ARTICLE {Solomon11,
author={Mike Solomon},
title={The {H}orizontal {S}pacing of {G}raphical {N}otation},
year={2011},
journal={Proceedings of the International Computer Music Conference},
volume={2011},
publisher={MPublishing, University of Michigan Library},
address={Ann Arbor, MI},
pages={689-696}
}

@MISC{Solomon12,
      author = {Mike Solomon},
      title = {https://github.com/lilypond/lilypond/blob/master/lily/unpure-pure-container.cc},
      month = {September},
      year = {2011},
      url = {https://github.com/lilypond/lilypond/blob/master/lily/unpure-pure-container.cc}
}

@INPROCEEDINGS{Hoos98,
author={Holger H. Hoos},
title={The {GUIDO} {N}otation {F}ormat: {A} {N}ovel {A}pproach for {A}dequately {R}epresenting {S}core-{L}evel {M}usic},
year={1998},
organization={International Computer Music Association},
pages={451--454}
}

@MISC{Nienhuys11,
author={Han-Wen Nienhuys, Jan Nieuwenhuizen and others},
title={Lilypond, the GNU Music Typesetter, version 2.13.47},
year={2011}
}

@BOOK {Ross70,
author={Ted Ross},
title={The {A}rt of {M}usic {E}ngraving and {P}rocessing: {A} {C}omplete {M}anual, {R}eference and {T}ext {B}ook on {Pr}eparing {M}usic for {R}eproduction and {P}rint},
address={Miami},
publisher={Hansen Books},
year={1970}
}

@TECHREPORT{Gourlay87,
 year = {1987},
 title = {{S}pacing a {L}ine of {M}usic},
 author = {John S. Gourlay},
 number = {OSU-CISRC-10/87-TR35},
 institution = {Department of Computer and Information Science, The Ohio State University}
}

@PHDTHESIS{Byrd84,
author={Don Byrd},
title={{M}usic {N}otation by {C}omputer},
school={Indiana University},
department={Department of Computer Science},
year={1984}
}

@ARTICLE{Blostein91,
author={Dorothea Blostein and Lippold Haken},
title={Justification of {P}rinted {M}usic},
year={1991},
journal={Communications of the ACM},
volume={33},
issue={3},
month={March},
pages={88--99}
}


@INPROCEEDINGS{Renz02,
	author = {Kai Renz},
	year = {2002},
	title = {An Improved Algorithm for Spacing a Line of Music},
organization={International Computer Music Association},
pages={475--481}
}

@article{Bellini04,
 author = {Pierfrancesco Bellini and Paolo Nesi},
 title = {Automatic {J}ustification and {L}ine-{B}reaking of {M}usic {S}heets},
 journal = {International Journal of Human-Computer Studies},
 volume = {61},
 issue = {1},
 month = {July},
 year = {2004},
 issn = {1071-5819},
 pages = {104--137}
} 

@article{Kunth81,
author={Donald E. Kunth and Michael F. Plass},
title={Breaking {P}aragraphs into {L}ines},
journal={Software -- Practice and Experience},
volume={11},
issue={11},
pages={1119--1184},
month={November},
year={1981}
}
@INPROCEEDINGS{Haken91,
author={Lippold Haken and Dorothea Blostein},
title={A New Algorithm for Horizontal Spacing of Printed Music},
year={1995},
organization={International Computer Music Association},
pages={118--119}
}

@PHDTHESIS{Gieseking01,
title={Code-basierte {G}enerierung interaktiver {N}otengraphik},
school={Universit\"at Osnabr\"uck},
year={2001},
author = {Martin Gieseking}
}
@inproceedings{kelly2011gemnotes,
  title={Gemnotes: a realtime music notation system for pure data},
  author={Kelly, Edward},
  booktitle={Proceedings of IV International Conference of Pure data--Weimar},
  year={2011}
}
@article{kuuskankare2006expressive,
  title={Expressive notation package},
  author={Kuuskankare, Mika and Laurson, Mikael},
  journal={Computer Music Journal},
  volume={30},
  number={4},
  pages={67--79},
  year={2006},
  publisher={MIT Press}
}
@article{sandberg2006separating,
  title={Separating input language and formatter in GNU Lilypond},
  author={Sandberg, Erik},
  journal={Uppsala University. Department of Information Technology},
  volume={30},
  year={2006}
}
@misc{digile,
  title={Data to Intelligence (D2I)},
  author={SHOK},
  year={2014},
  publisher={http://www.digile.fi}
}
@article{creative_commons,
  title={Attribution 4.0 International (CC BY 4.0)},
  author={Commons, Creative},
  journal={Creative Commons},
  year={2014},
  publisher={https://creativecommons.org/licenses/by/4.0/}
}
@article{gnu_gpl,
  title={General Public License 3.0},
  author={GNU},
  journal={GNU},
  year={2014},
  publisher={http://www.gnu.org/copyleft/gpl.html}
}